@inproceedings{Boroumand16,
 author = {Boroumand, Amirali and Ghose, Saugata and Patel, Minesh and Hassan, Hasan and Lucia, Brandon and Hsieh, Kevin and Malladi, Krishna T. and Zheng, Hongzhong and Mutlu, Onur},
 title = {LazyPIM: An Efficient Cache Coherence Mechanism for Processing-in-Memory},
 booktitle = {IEEE Computer Architecture Letters},
 series = {CAL '16},
 year = {2016},
 isbn = {1-58113-986-1},
 location = {?},
 pages = {?--?},
 numpages = {10},
 publisher = {IEEE},
 address = {?}
}

@inproceedings{David13,
 author = {David, Tudor and Guerraoui, Rachid and Trigonakis, Vasileios},
 title = {Everything You Always Wanted to Know About Synchronization but Were Afraid to Ask},
 booktitle = {Proceedings of the Twenty-Fourth ACM Symposium on Operating Systems Principles},
 series = {SOSP '13},
 year = {2013},
 isbn = {978-1-4503-2388-8},
 location = {Farminton, Pennsylvania},
 pages = {33--48},
 numpages = {16},
 url = {http://doi.acm.org/10.1145/2517349.2522714},
 doi = {10.1145/2517349.2522714},
 acmid = {2522714},
 publisher = {ACM},
 address = {New York, NY, USA},
}

@inproceedings{Azarkhish16,
 author = {Azarkhish, Erfan and Rossi, Davide and Loi, Igor and Benini, Luca},
 title = {Design and Evaluation of a Processing-in-Memory Architecture for the Smart Memory Cube},
 booktitle = {Proceedings of the 29th International Conference on Architecture of Computing Systems -- ARCS 2016 - Volume 9637},
 year = {2016},
 isbn = {978-3-319-30694-0},
 pages = {19--31},
 numpages = {13},
 url = {http://dx.doi.org/10.1007/978-3-319-30695-7_2},
 doi = {10.1007/978-3-319-30695-7_2},
 acmid = {2963805},
 publisher = {Springer-Verlag New York, Inc.},
 address = {New York, NY, USA},
 keywords = {Device driver, Full system analysis, Hybrid memory cube, Processor-in-memory, Software stack},
} 

@inproceedings{Heller05,
 author = {Heller, Steve and Herlihy, Maurice and Luchangco, Victor and Moir, Mark and Scherer, William N. and Shavit, Nir},
 title = {A Lazy Concurrent List-based Set Algorithm},
 booktitle = {Proceedings of the 9th International Conference on Principles of Distributed Systems},
 series = {OPODIS'05},
 year = {2006},
 isbn = {3-540-36321-1, 978-3-540-36321-7},
 location = {Pisa, Italy},
 pages = {3--16},
 numpages = {14},
 url = {http://dx.doi.org/10.1007/11795490_3},
 doi = {10.1007/11795490_3},
 acmid = {2164216},
 publisher = {Springer-Verlag},
 address = {Berlin, Heidelberg},
} 

@inproceedings{Hendler10,
 author = {Hendler, Danny and Incze, Itai and Shavit, Nir and Tzafrir, Moran},
 title = {Flat Combining and the Synchronization-Parallelism Tradeoff},
 booktitle = {Proceedings of the Twenty-second Annual ACM Symposium on Parallelism in Algorithms and Architectures},
 series = {SPAA '10},
 year = {2010},
 isbn = {978-1-4503-0079-7},
 location = {Thira, Santorini, Greece},
 pages = {355--364},
 numpages = {10},
 url = {http://doi.acm.org/10.1145/1810479.1810540},
 doi = {10.1145/1810479.1810540},
 acmid = {1810540},
 publisher = {ACM},
 address = {New York, NY, USA},
 keywords = {concurrent data-structures, multiprocessors, synchronization},
} 

@misc{website:HMC,
      author = "Hybrid Memory Cube Consortium",
      title = "Hybrid Memory Cube Specification 1.0",
      url = "http://hybridmemorycube.org/files/SiteDownloads/HMC_Specification%201_0.pdf"
}

@book{Herlihy08,
 author = {Herlihy, Maurice and Shavit, Nir},
 title = {The Art of Multiprocessor Programming},
 year = {2008},
 isbn = {0123705916, 9780123705914},
 publisher = {Morgan Kaufmann Publishers Inc.},
 address = {San Francisco, CA, USA},
} 

@inproceedings{Morrison13,
 author = {Morrison, Adam and Afek, Yehuda},
 title = {Fast Concurrent Queues for x86 Processors},
 booktitle = {Proceedings of the 18th ACM SIGPLAN Symposium on Principles and Practice of Parallel Programming},
 series = {PPoPP '13},
 year = {2013},
 isbn = {978-1-4503-1922-5},
 location = {Shenzhen, China},
 pages = {103--112},
 numpages = {10},
 url = {http://doi.acm.org/10.1145/2442516.2442527},
 doi = {10.1145/2442516.2442527},
 acmid = {2442527},
 publisher = {ACM},
 address = {New York, NY, USA},
 keywords = {concurrent queue, fetch-and-add, nonblocking algorithm},
} 
